@article{sarawagi2008information,
  title={Information extraction},
  author={Sarawagi, Sunita},
  journal={Foundations and trends in databases},
  volume={1},
  number={3},
  pages={261--377},
  year={2008},
  publisher={Now Publishers Inc.}
}

@article{cardie1997empirical,
  title={Empirical methods in information extraction},
  author={Cardie, Claire},
  journal={AI magazine},
  volume={18},
  number={4},
  pages={65},
  year={1997}
}

@article{freitag2000machine,
  title={Machine learning for information extraction in informal domains},
  author={Freitag, Dayne},
  journal={Machine learning},
  volume={39},
  number={2-3},
  pages={169--202},
  year={2000},
  publisher={Springer}
}

@inproceedings{wagstaff2001constrained,
  title={Constrained k-means clustering with background knowledge},
  author={Wagstaff, Kiri and Cardie, Claire and Rogers, Seth and Schr{\"o}dl, Stefan and others},
  booktitle={ICML},
  volume={1},
  pages={577--584},
  year={2001}
}

@article{wagstaff2000clustering,
  title={Clustering with instance-level constraints},
  author={Wagstaff, Kiri and Cardie, Claire},
  journal={AAAI/IAAI},
  volume={1097},
  year={2000}
}

@article{cohn2003semi,
  title={Semi-supervised clustering with user feedback},
  author={Cohn, David and Caruana, Rich and McCallum, Andrew},
  journal={Constrained Clustering: Advances in Algorithms, Theory, and Applications},
  volume={4},
  number={1},
  pages={17--32},
  year={2003}
}

@inproceedings{Mierswa:2006:YRP:1150402.1150531,
 author = {Mierswa, Ingo and Wurst, Michael and Klinkenberg, Ralf and Scholz, Martin and Euler, Timm},
 title = {YALE: Rapid Prototyping for Complex Data Mining Tasks},
 booktitle = {Proceedings of the 12th ACM SIGKDD International Conference on Knowledge Discovery and Data Mining},
 series = {KDD '06},
 year = {2006},
 isbn = {1-59593-339-5},
 location = {Philadelphia, PA, USA},
 pages = {935--940},
 numpages = {6},
 url = {http://doi.acm.org/10.1145/1150402.1150531},
 doi = {10.1145/1150402.1150531},
 acmid = {1150531},
 publisher = {ACM},
 address = {New York, NY, USA},
 keywords = {KDD system, audio and text mining, data pre-processing, data stream mining, distributed data mining, feature construction, multimedia mining, rapid prototyping, result visualization},
} 


@article{widmer1996learning,
  title={Learning in the presence of concept drift and hidden contexts},
  author={Widmer, Gerhard and Kubat, Miroslav},
  journal={Machine learning},
  volume={23},
  number={1},
  pages={69--101},
  year={1996},
  publisher={Springer}
}

@inproceedings{klinkenberg2000detecting,
  title={Detecting Concept Drift with Support Vector Machines.},
  author={Klinkenberg, Ralf and Joachims, Thorsten},
  booktitle={ICML},
  pages={487--494},
  year={2000}
}
	
@article{tong2001support,
  title={Support vector machine active learning with applications to text classification},
  author={Tong, Simon and Koller, Daphne},
  journal={Journal of machine learning research},
  volume={2},
  number={Nov},
  pages={45--66},
  year={2001}
}

@article{cohn1996active,
  title={Active learning with statistical models},
  author={Cohn, David A and Ghahramani, Zoubin and Jordan, Michael I},
  journal={Journal of artificial intelligence research},
  year={1996}
}

@inproceedings{mccallumzy1998employing,
  title={Employing EM and pool-based active learning for text classification},
  author={McCallumzy, Andrew Kachites and Nigamy, Kamal},
  booktitle={Proc. International Conference on Machine Learning (ICML)},
  pages={359--367},
  year={1998},
  organization={Citeseer}
}

@inproceedings{Iyyer:Manjunatha:Boyd-Graber:Daume-III-2015,
Author = {Mohit Iyyer and Varun Manjunatha and Jordan Boyd-Graber and Hal {Daum\'{e} III}},
Url = {docs/2015_acl_dan.pdf},
Booktitle = {Association for Computational Linguistics},
Location = {Beijing, China},
Year = {2015},
Title = {Deep Unordered Composition Rivals Syntactic Methods for Text Classification},
}

@inproceedings{Pang:2002:TUS:1118693.1118704,
 author = {Pang, Bo and Lee, Lillian and Vaithyanathan, Shivakumar},
 title = {Thumbs Up?: Sentiment Classification Using Machine Learning Techniques},
 booktitle = {Proceedings of the ACL-02 Conference on Empirical Methods in Natural Language Processing - Volume 10},
 series = {EMNLP '02},
 year = {2002},
 pages = {79--86},
 numpages = {8},
 url = {https://doi.org/10.3115/1118693.1118704},
 doi = {10.3115/1118693.1118704},
 acmid = {1118704},
 publisher = {Association for Computational Linguistics},
 address = {Stroudsburg, PA, USA},
} 

 
@Inbook{Joachims1998,
author="Joachims, Thorsten",
editor="N{\'e}dellec, Claire
and Rouveirol, C{\'e}line",
title="Text categorization with Support Vector Machines: Learning with many relevant features",
bookTitle="Machine Learning: ECML-98: 10th European Conference on Machine Learning Chemnitz, Germany, April 21--23, 1998 Proceedings",
year="1998",
publisher="Springer Berlin Heidelberg",
address="Berlin, Heidelberg",
pages="137--142",
isbn="978-3-540-69781-7",
doi="10.1007/BFb0026683",
url="http://dx.doi.org/10.1007/BFb0026683"
}

@article{Sebastiani:2002:MLA:505282.505283,
 author = {Sebastiani, Fabrizio},
 title = {Machine Learning in Automated Text Categorization},
 journal = {ACM Comput. Surv.},
 issue_date = {March 2002},
 volume = {34},
 number = {1},
 month = mar,
 year = {2002},
 issn = {0360-0300},
 pages = {1--47},
 numpages = {47},
 url = {http://doi.acm.org/10.1145/505282.505283},
 doi = {10.1145/505282.505283},
 acmid = {505283},
 publisher = {ACM},
 address = {New York, NY, USA},
 keywords = {Machine learning, text categorization, text classification},
} 


@InProceedings{hidey-mckeown:2016:P16-1,
  author    = {Hidey, Christopher  and  McKeown, Kathy},
  title     = {Identifying Causal Relations Using Parallel Wikipedia Articles},
  booktitle = {Proceedings of the 54th Annual Meeting of the Association for Computational Linguistics (Volume 1: Long Papers)},
  month     = {August},
  year      = {2016},
  address   = {Berlin, Germany},
  publisher = {Association for Computational Linguistics},
  pages     = {1424--1433},
  url       = {http://www.aclweb.org/anthology/P16-1135}
}


@InProceedings{mirza-tonelli:2014:Coling,
  author    = {Mirza, Paramita  and  Tonelli, Sara},
  title     = {An Analysis of Causality between Events and its Relation to Temporal Information},
  booktitle = {Proceedings of COLING 2014, the 25th International Conference on Computational Linguistics: Technical Papers},
  month     = {August},
  year      = {2014},
  address   = {Dublin, Ireland},
  publisher = {Dublin City University and Association for Computational Linguistics},
  pages     = {2097--2106},
  url       = {http://www.aclweb.org/anthology/C14-1198}
}

@InProceedings{oh-EtAl:2013:ACL2013,
  author    = {Oh, Jong-Hoon  and  Torisawa, Kentaro  and  Hashimoto, Chikara  and  Sano, Motoki  and  De Saeger, Stijn  and  Ohtake, Kiyonori},
  title     = {Why-Question Answering using Intra- and Inter-Sentential Causal Relations},
  booktitle = {Proceedings of the 51st Annual Meeting of the Association for Computational Linguistics (Volume 1: Long Papers)},
  month     = {August},
  year      = {2013},
  address   = {Sofia, Bulgaria},
  publisher = {Association for Computational Linguistics},
  pages     = {1733--1743},
  url       = {http://www.aclweb.org/anthology/P13-1170}
}


@Book{CAtoCL:2014,
  editor    = {Oleksandr Kolomiyets, KU Leuven  and  Marie-Francine Moens, KU Leuven  and  Martha Palmer, University of Colorado at Boulder  and  James Pustejovsky, Brandeis University  and  Steven Bethard, University of Alabama at Birmingham},
  title     = {Proceedings of the EACL 2014 Workshop on Computational Approaches to Causality in Language (CAtoCL)},
  month     = {April},
  year      = {2014},
  address   = {Gothenburg, Sweden},
  publisher = {Association for Computational Linguistics},
  url       = {http://www.aclweb.org/anthology/W14-07}
}

@InProceedings{bogel-EtAl:2014:CAtoCL,
  author    = {B\"{o}gel, Tina  and  Hautli-Janisz, Annette  and  Sulger, Sebastian  and  Butt, Miriam},
  title     = {Automatic Detection of Causal Relations in German Multilogs},
  booktitle = {Proceedings of the EACL 2014 Workshop on Computational Approaches to Causality in Language (CAtoCL)},
  month     = {April},
  year      = {2014},
  address   = {Gothenburg, Sweden},
  publisher = {Association for Computational Linguistics},
  pages     = {20--27},
  url       = {http://www.aclweb.org/anthology/W14-0703}
}
