@InProceedings{stateful-netkat,
  author = { Jedidiah McClurg and Hossein Hojjat and Nate Foster and Pavol Cerny },
  booktitle = {PLDI}, 
  title = {Event-Driven Network Programming},
  year = 2016,
  month = jun,
}

@InProceedings{probnetkat,
  author = { Nate Foster and Dexter Kozen and Konstantinos Mamouras and Mark Reitblatt and Alexandra Silva}, 
  title = { Probabilistic {NetKAT} },
  booktitle = {ESOP},
  month = apr,
  year = 2016,
  jnf = "yes",
}

@InProceedings{netkat-compiler,
  author = { Steffen Smolka and Spiridon Eliopoulos and Nate Foster and Arjun Guha },
  title = { A Fast Compiler for {NetKAT} },
  booktitle = {ICFP}, 
  month = sep,
  year = 2015,
  jnf = "yes",
}

@Article{dagstuhl-formal-networks,
  author =	{Nikolaj Bjorner and Nate Foster and Philip Brighten Godfrey and Pamela Zave},
  title =	{{Formal Foundations for Networking (Dagstuhl Seminar 15071)}},
  pages =	{44--63},
  journal =	{Dagstuhl Reports},
  ISSN =	{2192-5283},
  year =	{2015},
  volume =	{5},
  number =	{2},
  publisher =	{Schloss Dagstuhl--Leibniz-Zentrum fuer Informatik},
  jnf = "yes",
}

@InProceedings{update-synthesis,
  author = { Jedidiah McClurg and Hossein Hojjat and Pavol Cerny and Nate Foster },
  title = { Efficient Synthesis of Network Updates },
  booktitle = {PLDI},
  month = jun,
  year = 2015,
  jnf = "yes",
  recent = "yes",
}


@InProceedings{netkat-automata,
  author = { Nate Foster and Dexter Kozen and Matthew Milano and Alexandra Silva and Laure Thompson },
  title = { A Coalgebraic Decision Procedure for {NetKAT} },
  booktitle = { POPL }, 
  month = jan,
  year = 2015,
  jnf = "yes",
}

@InProceedings{merlin,
  author = { Robert Soul\'{e} and Shrutarshi Basu and Parisa Jalili Marandi and Fernando Pedone and Robert Kleinberg and Emin G\"{u}n Sirer and Nate Foster},
  title = { Merlin: A Language for Provisioning Network Resources },
  booktitle = { CoNEXT }, 
  month = dec,
  year = 2014,
  jnf = "yes",
}

@Article{cacm-sdn-abstractions,
  author = { Martin Casado and Nate Foster and Arjun Guha },
  title = { Abstractions for Software-Defined Networks },
  journal = { CACM },
  volume = 57,
  number = 10,
  month = oct,
  year = 2014,
  pages = { 86--95 },
  jnf = "yes",
}

@InProceedings{netkat,
  author = { Carolyn Jane Anderson and Nate Foster and Arjun Guha and Jean-Baptiste Jeannin and Dexter Kozen and Cole Schlesinger and David Walker },
  title = { {NetKAT}: Semantic Foundations for Networks },
  booktitle = { POPL },
  year = 2014,
  month = jan,
  jnf = "yes",
}

@InProceedings{verified-pldi13,
  author = { Arjun Guha and Mark Reitblatt and Nate Foster },
  title = { Machine-Verified Network Controllers },
  booktitle = { PLDI }, 
  year = 2013,
  month = jun,
  jnf = "yes",
} 

@Misc{cornell-formalnets,
  author = { Cornell University },
  title =  {Summer School on Formal Methods and Networks },
  month = jun,
  year = 2013,
  note = {\url{http://www.cs.cornell.edu/conferences/formalnetworks}},
}

@InProceedings{composing-nsdi13,
  author = { Christopher Monsanto and Joshua Reich and Nate Foster and Jennifer Rexford and David Walker },
  title = { Composing Software Defined Networks },
  booktitle = { NSDI }, 
  year = 2013,
  month = apr,
  jnf = "yes",
}

@article{overview-ieeecoms13,
  author    = {Nate Foster and
               Arjun Guha and
               Mark Reitblatt and
               Alec Story and
               Michael J. Freedman and
               Naga Praveen Katta and
               Christopher Monsanto and
               Joshua Reich and
               Jennifer Rexford and
               Cole Schlesinger and
               David Walker and
               Rob Harrison},
  title     = {Languages for software-defined networks},
  journal   = {IEEE Communications Magazine},
  volume    = {51},
  number    = {2},
  year      = {2013},
  pages     = {128--134},
  jnf = "yes",
}
@InProceedings{consistent-updates-sigcomm12,
  author = {Mark Reitblatt and Nate Foster and Jennifer Rexford and Cole Schlesinger and David Walker},
  title = {Abstractions for Network Update},
  booktitle = { SIGCOMM }, 
  _pages = { 323--334 },
  month = aug,
  year = 2012,
  jnf =    "yes",
}

@InProceedings{netcore-popl12,
  author = {Christopher Monsanto and Nate Foster and Rob Harrison and David Walker}, 
  booktitle = { POPL }, 
  month = jan,
  title = {A Compiler and Run-time System for Network Programs},
  _pages = { 217--230 },
  year = 2012,
  jnf =    "yes",
}

@inproceedings{frenetic-icfp11,
  author = {Nate Foster and Rob Harrison and Michael J. Freedman and 
            Christopher Monsanto and Jennifer Rexford and Alec Story and 
            David Walker}, 
  title =  {Frenetic: A Network Programming Language },
  booktitle = { ICFP }, 
  _pages = { 279--291 },
  month =  sep,
  year =   2011,
  jnf =    "yes",
}

@Article{openflow,
	author = "Nick McKeown and Tom Anderson and Hari Balakrishnan and Guru Parulkar and Larry Peterson and Jennifer Rexford and Scott Shenker and Jonathan Turner",
	title = "OpenFlow: Enabling Innovation in Campus Networks",
	journal = {SIGCOMM CCR},
	volume = "38",
	number = "2",
	year = "2008",
	pages = "69--74",
	doi = "http://doi.acm.org/10.1145/1355734.1355746"
}
