@inproceedings{bsd,
 author = {McCanne, Steven and Jacobson, Van},
 title = {{The BSD Packet Filter: A New Architecture for User-level Packet Capture}},
 booktitle = {Proceedings of the USENIX Winter 1993 Conference Proceedings on USENIX Winter 1993 Conference Proceedings},
 series = {USENIX},
 year = {1993},
 location = {San Diego, California},
 publisher = {USENIX Association},
} 

@inproceedings{concode,
 author = {Iyer, Srinivasan and Konstas, Ioannis and Cheung, Alvin and Zettlemoyer, Luke},
 title = {{Revisiting Readability: A Unified Framework for Predicting Text Quality}},
 booktitle = {Proceedings of the Conference on Empirical Methods in Natural Language Processing},
 series = {EMNLP},
 year = {2018},
 location = {Brussels, Belgium},
 publisher = {Association for Computational Linguistics},
} 

@inproceedings{maple,
 author = {Voellmy, Andreas and Wang, Junchang and Yang, Y Richard and Ford, Bryan and Hudak, Paul},
 title = {{Maple: Simplifying SDN Programming Using Algorithmic Policies}},
 booktitle = {Proceedings of the ACM SIGCOMM 2013 Conference on SIGCOMM},
 series = {SIGCOMM},
 year = {2013},
 location = {Hong Kong, China},
 publisher = {ACM},
} 

@inproceedings{snap,
 author = {Arashloo, Mina Tahmasbi and Koral, Yaron and Greenberg, Michael and Rexford, Jennifer and Walker, David},
 title = {{SNAP: Stateful Network-Wide Abstractions for Packet Processing}},
 booktitle = {Proceedings of the 2016 ACM SIGCOMM Conference},
 series = {SIGCOMM},
 year = {2016},
 location = {Florianopolis, Brazil},
 publisher = {ACM},
} 

@inproceedings{netsieve,
 author = {Potharaju, Rahul and Jain, Navendu and Nita-Rotaru, Cristina},
 title = {{Juggling the Jigsaw: Towards Automated Problem Inference from Network Trouble Tickets}},
 booktitle = {Proceedings of the 10th USENIX Conference on Networked Systems Design and Implementation},
 series = {NSDI},
 year = {2013},
 location = {Lombard, IL},
 publisher = {USENIX Association},
} 

@inproceedings{demi,
 author = {Scott, Colin and Panda, Aurojit and Brajkovic, Vjekoslav and Necula, George and Krishnamurthy, Arvind and Shenker, Scott},
 title = {{Minimizing Faulty Executions of Distributed Systems}},
 booktitle = {Proceedings of the 13th Usenix Conference on Networked Systems Design and Implementation},
 series = {NSDI},
 year = {2016},
 location = {Santa Clara, CA},
 publisher = {USENIX Association},
} 

@inproceedings{sdndebug,
 author = {Scott, Colin and Wundsam, Andreas and Raghavan, Barath and Panda, Aurojit and Or, Andrew and Lai, Jefferson and Huang, Eugene and Liu, Zhi and El-Hassany, Ahmed and Whitlock, Sam and Acharya, H.B. and Zarifis, Kyriakos and Shenker, Scott},
 title = {{Troubleshooting Blackbox SDN Control Software with Minimal Causal Sequences}},
 booktitle = {Proceedings of the 2014 ACM Conference on SIGCOMM},
 series = {SIGCOMM},
 year = {2014},
 location = {Chicago, Illinois, USA},
 publisher = {ACM},
} 

@inproceedings{pivot,
 author = {Mace, Jonathan and Roelke, Ryan and Fonseca, Rodrigo},
 title = {{Pivot Tracing: Dynamic Causal Monitoring for Distributed Systems}},
 booktitle = {Proceedings of the 25th Symposium on Operating Systems Principles},
 series = {SOSP},
 year = {2015},
 location = {Monterey, California},
 publisher = {ACM},
} 

@inproceedings{polaris,
 author = {Netravali, Ravi and Goyal, Ameesh and Mickens, James and Balakrishnan, Hari},
 title = {{Polaris: Faster Page Loads Using Fine-grained Dependency Tracking}},
 booktitle = {Proceedings of the 13th Usenix Conference on Networked Systems Design and Implementation},
 series = {NSDI},
 year = {2016},
 location = {Santa Clara, CA},
 publisher = {USENIX Association},
} 

@inproceedings{cherrypick,
 author = {Tammana, Praveen and Agarwal, Rachit and Lee, Myungjin},
 title = {{CherryPick: Tracing Packet Trajectory in Software-defined Datacenter Networks}},
 booktitle = {Proceedings of the 1st ACM SIGCOMM Symposium on Software Defined Networking Research},
 series = {SOSR},
 year = {2015},
 location = {Santa Clara, California},
 publisher = {ACM},
} 

@inproceedings{pathdump,
 author = {Tammana, Praveen and Agarwal, Rachit and Lee, Myungjin},
 title = {{Simplifying Datacenter Network Debugging with Pathdump}},
 booktitle = {Proceedings of the 12th USENIX Conference on Operating Systems Design and Implementation},
 series = {OSDI},
 year = {2016},
 location = {Savannah, GA, USA},
 publisher = {USENIX Association},
} 

@techreport{dapper,
  title={Dapper, a large-scale distributed systems tracing infrastructure},
  author={Sigelman, Benjamin H and Barroso, Luiz Andre and Burrows, Mike and Stephenson, Pat and Plakal, Manoj and Beaver, Donald and Jaspan, Saul and Shanbhag, Chandan},
  year={2010},
  institution={Technical report, Google}
}

@inproceedings{netpoirot,
 author = {Arzani, Behnaz and Ciraci, Selim and Loo, Boon Thau and Schuster, Assaf and Outhred, Geoff},
 title = {{Taking the Blame Game out of Data Centers Operations with NetPoirot}},
 booktitle = {Proceedings of the 2016 ACM SIGCOMM Conference},
 series = {SIGCOMM},
 year = {2016},
 location = {Florianopolis, Brazil},
 publisher = {ACM},
} 

@inproceedings{marple,
 author = {Narayana, Srinivas and Sivaraman, Anirudh and Nathan, Vikram and Goyal, Prateesh and Arun, Venkat and Alizadeh, Mohammad and Jeyakumar, Vimalkumar and Kim, Changhoon},
 title = {{Language-Directed Hardware Design for Network Performance Monitoring}},
 booktitle = {Proceedings of the Conference of the ACM Special Interest Group on Data Communication},
 series = {SIGCOMM},
 year = {2017},
 location = {Los Angeles, CA, USA},
 publisher = {ACM},
}

@inproceedings{pathqueries,
 author = {Narayana, Srinivas and Arashloo, Mina Tashmasbi and Rexford, Jennifer and Walker, David},
 title = {{Compiling Path Queries}},
 booktitle = {Proceedings of the 13th Usenix Conference on Networked Systems Design and Implementation},
 series = {NSDI},
 year = {2016},
 location = {Santa Clara, CA},
 publisher = {USENIX Association},
}

@inproceedings{trumpet,
 author = {Moshref, Masoud and Yu, Minlan and Govindan, Ramesh and Vahdat, Amin},
 title = {{Trumpet: Timely and Precise Triggers in Data Centers}},
 booktitle = {Proceedings of the 2016 ACM SIGCOMM Conference},
 series = {SIGCOMM},
 location = {Florianopolis, Brazil},
 publisher = {ACM},
}

@inproceedings{xtrace,
 author = {Fonseca, Rodrigo and Porter, George and Katz, Randy H. and Shenker, Scott and Stoica, Ion},
 title = {{X-trace: A Pervasive Network Tracing Framework}},
 booktitle = {Proceedings of the 4th USENIX Conference on Networked Systems Design \&\#38; Implementation},
 series = {NSDI},
 year = {2007},
 location = {Cambridge, MA},
 publisher = {USENIX Association},
}

@inproceedings{netsight,
 author = {Handigol, Nikhil and Heller, Brandon and Jeyakumar, Vimalkumar and Mazi\`{e}res, David and McKeown, Nick},
 title = {{I Know What Your Packet Did Last Hop: Using Packet Histories to Troubleshoot Networks}},
 booktitle = {Proceedings of the 11th USENIX Conference on Networked Systems Design and Implementation},
 series = {NSDI},
 year = {2014},
 location = {Seattle, WA},
 publisher = {USENIX Association},
}     
